@online{IUCrLaueClass,
  title = {Laue classes},
  author = {André Authier and Giovanni Ferraris and DavidBrown and Massimo Nespolo and Brian McMahon},
  Organization             = {IUCr},
  year = {2017},
  Url                      = {http://reference.iucr.org/mediawiki/index.php?title=Laue\_class\&oldid=4513},
  urldate = {2018-11-10},
}

@incollection{ShmueliIUCr2016,
  doi = {10.1107/97809553602060000924},
  year  = {2016},
  month = {dec},
  publisher = {International Union of Crystallography},
  pages = {107--131},
  author = {U. Shmueli and H. D. Flack and J. C. H. Spence},
  title = {Methods of space-group determination},
  booktitle = {International Tables for Crystallography}
}

@% Optional fields: volumeditor, editora, editorb, editorc, translator, annotator, commentator, introduction, foreword, afterword, subtitle, titleaddon, maintitle, mainsubtitle, maintitleaddon, language, origlanguage, volume, part, edition, volumes, series, number, note, publisher, location, isbn, chapter, pages, pagetotal, addendum, pubstate, doi, eprint, eprintclass, eprinttype, url, urldate
@book{JJRousseau2007,
  author = {Jean-Jacques Rousseau and Alain Gibaud},
  title = {Cristallographie géométrique et radiocristallographie},
  year = {2007},
  edition = {3},
  language = {Français},
  editor = {Dunod},
  isbn = {978-2100501984},
}

@book{Kittel,
  title={Introduction to Solid State Physics},
  author={Kittel, Charles},
  isbn={9780471415268},
  lccn={2004042250},
  url={https://books.google.fr/books?id=kym4QgAACAAJ},
  year={2004},
  publisher={Wiley}
}

@InProceedings{BilbaoServer,
  Title                    = {Crystallography online: Bilbao Crystallographic Server},
  Author                   = {M I Aroyo and J M Perez-Mato and D Orobengoa and E Tasci and G de_la Flor and A Kirov Bulg Chem Commun},
  Year                     = {2011},
  Number                   = {2},
  Pages                    = {183--197},
  Volume                   = {43},
}

@Article{Bilbao1,
  Title                    = {Crystallographic Server: I. Databases and crystallographic computing programs.},
  Author                   = {Aroyo Mois Ilia and Juan Manuel Perez-Mato and Cesar Capillas},
  Journal                  = {Zeitschrift für Kristallographie - Crystalline Materials},
  Year                     = {2009},
  Note                     = {Retrieved 1 Nov. 2018},
  Number                   = {1},
  Pages                    = {15--27},
  Volume                   = {221},

  Doi                      = {https://doi.org/10.1524/zkri.2006.221.1.15}
}
@Article{Bilbao2,
  Title                    = {{Bilbao Crystallographic Server. II. Representations of crystallographic point groups and space groups}},
  Author                   = {Aroyo, Mois I. and Kirov, Asen and Capillas, Cesar and Perez-Mato, J. M. and Wondratschek, Hans},
  Journal                  = {Acta Crystallographica Section A},
  Year                     = {2006},

  Month                    = {Mar},
  Number                   = {2},
  Pages                    = {115--128},
  Volume                   = {62},

  Abstract                 = {The Bilbao Crystallographic Server is a web site with crystallographic programs and databases freely available on-line (http://www.cryst.ehu.es). The server gives access to general information related to crystallographic symmetry groups (generators, general and special positions, maximal subgroups, Brillouin zones {\it etc.}). Apart from the simple tools for retrieving the stored data, there are programs for the analysis of group{--}subgroup relations between space groups (subgroups and supergroups, Wyckoff-position splitting schemes {\it etc.}). There are also software packages studying specific problems of solid-state physics, structural chemistry and crystallography. This article reports on the programs treating representations of point and space groups. There are tools for the construction of irreducible representations, for the study of the correlations between representations of group{--}subgroup pairs of space groups and for the decompositions of Kronecker products of representations.},
  Doi                      = {10.1107/S0108767305040286},
  Keywords                 = {Bilbao Crystallographic Server, point and space groups, representations of crystallographic groups},
  Url                      = {https://doi.org/10.1107/S0108767305040286}
}

@book{knuth84,
  author = "Donald E. Knuth",
  title  =  "The \TeX{}book",
  publisher = {Addison-Wesley},
  year   = 1984                                           }

@book{lamport86,
  author = "Leslie Lamport",
  title  =  "{\LaTeX{}}: A Document Preparation System",
  publisher = {Addison-Wesley},
  year   = 1986                                           }

@article{pauling89,
  author = "L. Pauling",
  title  = {Icosahedral quasicrystals of intermetallic compounds are icosahedral twins of cubic crystals of three kinds, consisting of large (about 5000 atoms) icosahedral complexes in either a cubic body-centered or a cubic face-centered arrangement or smaller (about 1350 atoms) icosahedral complexes in the $\beta$-tungsten arrangement},
  journal = "Proc. Natl Acad. Sci USA",
  volume = 86,
  pages  = "8595--8599",
  year   = 1989                                           }

@article{pargel84,
  author = "E. Parth\'e and L.M. Gelato",
  title  =  "The standardization of inorganic crystal-structure data",
  journal = "Acta Cryst.",
  volume = "A40",
  pages  = "169--183",
  doi    = "10.1107/S0108767384000416",
  year   = 1984                                           }

@techreport{rauch76,
  author = "Rauch, H. \& Petrascheck, D.",
  title = "Grundlagen f{\"u}r ein
           Laue-Neutroneninterferometer Teil 1:
           Dynamische Beugung",
  institution = "Atominstitut der {\"O}sterreichischen
           Universit{\"a}ten, Austria",
  type = "Report",
  number = "AIAU 74405b",
  year = 1976                                             }
